<record><leader>00000cas a2200000 a 4500</leader><controlfield tag="001">12095586</controlfield><controlfield tag="008">850530d18791883ksuwr ne      0    0eng d</controlfield><datafield ind1=" " ind2=" " tag="010"><subfield code="a">sn 85029276 </subfield></datafield><datafield ind1=" " ind2=" " tag="040"><subfield code="a">KSH</subfield><subfield code="b">eng</subfield><subfield code="c">KSH</subfield><subfield code="d">NPT</subfield><subfield code="d">OCL</subfield><subfield code="d">OCLCQ</subfield></datafield><datafield ind1=" " ind2=" " tag="042"><subfield code="a">msc</subfield></datafield><datafield ind1="0" ind2="0" tag="245"><subfield code="a">Leavenworth weekly press.</subfield></datafield><datafield ind1=" " ind2=" " tag="260"><subfield code="a">Leavenworth, Kan. :</subfield><subfield code="b">Charles H. Miller,</subfield><subfield code="c">1879-1883.</subfield></datafield><datafield ind1=" " ind2=" " tag="300"><subfield code="a">5 v. ;</subfield><subfield code="c">69 cm.</subfield></datafield><datafield ind1=" " ind2=" " tag="310"><subfield code="a">Weekly</subfield></datafield><datafield ind1="0" ind2=" " tag="362"><subfield code="a">Vol. 2, no. 35 (Feb. 13, 1879)-v. 7, no. 50 (May 24, 1883).</subfield></datafield><datafield ind1=" " ind2=" " tag="500"><subfield code="a">Published by: Clark &amp; Legate, Apr. 3, 1879-May 6, 1880; G.A. Atwood &amp; Co., May 13, 1880-&lt;July 28, 1881&gt;.</subfield></datafield><datafield ind1=" " ind2=" " tag="580"><subfield code="a">Also issued a daily edition called: Leavenworth daily press.</subfield></datafield><datafield ind1=" " ind2=" " tag="752"><subfield code="a">United States</subfield><subfield code="b">Kansas</subfield><subfield code="c">Leavenworth</subfield><subfield code="d">Leavenworth.</subfield></datafield><datafield ind1="1" ind2=" " tag="775"><subfield code="t">Leavenworth daily press</subfield><subfield code="w">(DLC)sn 85029327</subfield></datafield><datafield ind1="0" ind2="0" tag="780"><subfield code="t">Weekly public press</subfield><subfield code="w">(DLC)sn 84027687</subfield></datafield><datafield ind1="0" ind2="4" tag="785"><subfield code="t">Democratic standard (Leavenworth, Kan.)</subfield><subfield code="w">(DLC)sn 85029238</subfield></datafield></record>